% -----------------------------------------------------------------------
% MICROFONI
% -----------------------------------------------------------------------

@unpublished{ps:01,
  author = {Pietro Schiavoni},
  title = {Dispense per il corso di Elettroacustica},
  year = {2012},
  institution = {Conservatorio di Musica S. Cecilia},
  location = {Roma}
}

@book{Eargle_2005,
  place={Oxford},
  edition={Second},
  title={The microphone book},
  ISBN={9780240519616},
  url={https://learning.oreilly.com/library/view/~/9780240519616/?ar?orpq&email=^u},
  publisher={Focal Press},
  author={Eargle, John},
  year={2005}
}

@book{Ballou_2009,
  place={Amsterdam; Boston},
  title={Electroacoustic devices: microphones and loudspeakers},
  ISBN={978-0-240-81267-0},
  publisher={Focal},
  year={2009}
}
