% -----------------------------------------------------------------------
% File: smc2016template.bib
% -----------------------------------------------------------------------
% separate each line item with space, otherwise the reference will not be hyperlinked
% put the keyword "and" between authors to separate them.

@inproceedings{Someone:00 ,
  author = {A. Someone and B. Someone and C. Someone},
  title = {The title of the conf. paper},
  booktitle = {Proc. Int. Conf. Sound and Music Computing},
  pages={213--218},
  address={Porto},
  year = {2009}
}

#------------------------------------- PROCEEDINGS
@inproceedings{bevi05,
  author = {Bernardini, Nicola and Vidolin, Alvise},
    title={Sustainable Live Electro-Acoustic Music},
  booktitle = {Sound and Music Computing},
  year = {2005}
}

#------------------------------------- BOOKS
@book{labtec01,
  author = {G. Cappellani and M. D’Agostino and L. De Siena and G. Paolozzi and S. Mudanò},
  title = {Laboratorio di Tecnologie Musicali Vol. I},
  publisher = {Contemponet},
  year = {2014}
}

#------------------------------------- BOOKS
@book{sap1964,
  author = {AA.VV.},
  title = {Symposium on Auditory Perspective},
  publisher = {IEEE},
  year = {1964}
}

@incollection{nono85,
  AUTHOR = {Nono, Luigi},
  TITLE = {Altre possibilità di ascolto},
  YEAR = {1985},
  BOOKTITLE = {Scritti e Colloqui I},
  EDITOR = {De Benedictis, Angela Ida and Rizzardi, Veniero},
  PUBLISHER = {Ricordi LIM},
  PAGES = {525-539}
}

@incollection{nono84,
  AUTHOR = {Nono, Luigi},
  TITLE = {Questa machina da sonàr},
  YEAR = {1984},
  BOOKTITLE = {Scritti e Colloqui I},
  EDITOR = {De Benedictis, Angela Ida and Rizzardi, Veniero},
  PUBLISHER = {Ricordi LIM},
  PAGES = {403-405}
}

#------------------------------------- ARTICLES
@article{hf34,
  author={HArvey Fletcher},
  year={1934},
  title={Auditory Perspective - Basic Requirements},
  publisher={IEEE},
  journal={Electrical Engineering, vol. 53, no, 1, p. 9-11}
}

@article{ab58,
  author={Blumlein, Alan Dower},
  year={1958},
  title={British Patent Specification 394,325},
  journal={JAES, vol. 6, no. 2, p.91}
}

@conference{mg92pdmsss,
  title = {Psychoacoustic Decoders for Multispeaker Stereo and Surround Sound},
	author = {Gerzon, Michael A.},
	booktitle = {Audio Engineering Society Convention 93},
	month = {Oct},
	year = {1992},
	url = {http://www.aes.org/e-lib/browse.cfm?elib=6728}
}

@article{ml91,
  author={Lupone, Michelangelo and De Vitis, Alessandra and Pellecchia, Antonio},
  year={1991},
  title={CRM: From the FLY10 to the FLY30 System},
  journal={IX Colloquio di Informatica Musicale}
}
